<record><leader>00000cas a22000007a 4500</leader><controlfield tag="001">14353652</controlfield><controlfield tag="008">861007d19031907iauwr ne      0    0eng d</controlfield><datafield ind1=" " ind2=" " tag="010"><subfield code="a">sn 86060215 </subfield></datafield><datafield ind1=" " ind2=" " tag="040"><subfield code="a">INP</subfield><subfield code="b">eng</subfield><subfield code="c">INP</subfield><subfield code="d">OBN</subfield><subfield code="d">OCLCQ</subfield></datafield><datafield ind1=" " ind2=" " tag="043"><subfield code="a">n-us-ia</subfield></datafield><datafield ind1="0" ind2="4" tag="245"><subfield code="a">The Madison County reporter.</subfield></datafield><datafield ind1=" " ind2=" " tag="260"><subfield code="a">Winterset, Iowa :</subfield><subfield code="b">Price Print. Co.</subfield></datafield><datafield ind1=" " ind2=" " tag="300"><subfield code="a">v.</subfield></datafield><datafield ind1=" " ind2=" " tag="310"><subfield code="a">Weekly</subfield></datafield><datafield ind1="0" ind2=" " tag="362"><subfield code="a">Vol. 18, no. 1 (Jan. 1, 1903)-v. 22, no. 52 (Dec. 26, 1907).</subfield></datafield><datafield ind1=" " ind2=" " tag="500"><subfield code="a">"Historical and souvenir edition" depicting the history of Madison County published Sept. 28, 1905.</subfield></datafield><datafield ind1=" " ind2=" " tag="525"><subfield code="a">Apr. 19, Sept. 27, and Oct. 25, 1906, issues include supplements.</subfield></datafield><datafield ind1=" " ind2="0" tag="651"><subfield code="a">Winterset (Iowa)</subfield><subfield code="v">Newspapers.</subfield></datafield><datafield ind1=" " ind2="0" tag="651"><subfield code="a">Madison County (Iowa)</subfield><subfield code="v">Newspapers.</subfield></datafield><datafield ind1=" " ind2=" " tag="752"><subfield code="a">United States</subfield><subfield code="b">Iowa</subfield><subfield code="c">Madison</subfield><subfield code="d">Winterset.</subfield></datafield><datafield ind1="0" ind2="0" tag="780"><subfield code="t">Reporter (Winterset, Iowa)</subfield><subfield code="w">(DLC)sn 86060214</subfield></datafield><datafield ind1="0" ind2="0" tag="785"><subfield code="t">Winterset reporter (Winterset, Iowa : 1908)</subfield><subfield code="w">(DLC)sn 86060216</subfield></datafield></record>